<?xml version="1.0" encoding="UTF-8"?>
<record>
  <leader>01073nam#a2200313#c#4500</leader>
  <controlfield tag="005">20210409043714.0</controlfield>
  <controlfield tag="007">tu</controlfield>
  <controlfield tag="008">120403|1987####gw############|||#|#ger#c</controlfield>
  <controlfield tag="003">DE-605</controlfield>
  <controlfield tag="001">990190994860206441</controlfield>
  <datafield tag="016" ind1="7" ind2=" ">
    <subfield code="a">1073488289</subfield>
    <subfield code="2">OCoLC</subfield>
  </datafield>
  <datafield tag="035" ind1=" " ind2=" ">
    <subfield code="a">(DE-605)HT017191593</subfield>
  </datafield>
  <datafield tag="040" ind1=" " ind2=" ">
    <subfield code="a">Zw 1</subfield>
    <subfield code="b">ger</subfield>
    <subfield code="d">Zw 1</subfield>
    <subfield code="e">rakwb</subfield>
  </datafield>
  <datafield tag="041" ind1=" " ind2=" ">
    <subfield code="a">ger</subfield>
  </datafield>
  <datafield tag="044" ind1=" " ind2=" ">
    <subfield code="c">XA-DE</subfield>
  </datafield>
  <datafield tag="245" ind1="0" ind2="0">
    <subfield code="a">De nihilo nihil</subfield>
    <subfield code="b">die Ratten verlassen das sinkende Schiff ; Abizeitung</subfield>
    <subfield code="c">des HWG</subfield>
  </datafield>
  <datafield tag="246" ind1="1" ind2="0">
    <subfield code="a">Bierzeitung</subfield>
  </datafield>
  <datafield tag="264" ind1=" " ind2="1">
    <subfield code="a">Zweibrücken</subfield>
    <subfield code="b">Herzog-Wolfgang-Gymnasium</subfield>
    <subfield code="c">1987</subfield>
  </datafield>
  <datafield tag="300" ind1=" " ind2=" ">
    <subfield code="a">63 S. : Ill.</subfield>
  </datafield>
  <datafield tag="500" ind1=" " ind2=" ">
    <subfield code="a">Zweibrücken, Herzog-Wolfgang-Gymnasium, Abiturzeitung ; 1987</subfield>
    <subfield code="9">F:501</subfield>
  </datafield>
  <datafield tag="689" ind1="0" ind2="0">
    <subfield code="a">Staatliches Herzog-Wolfgang-Gymnasium</subfield>
    <subfield code="D">b</subfield>
    <subfield code="0">(DE-588)2054280-x</subfield>
    <subfield code="B">GND-007069103</subfield>
  </datafield>
  <datafield tag="689" ind1="0" ind2="1">
    <subfield code="a">Abiturzeitung</subfield>
    <subfield code="D">s</subfield>
    <subfield code="0">(DE-588)4494415-9</subfield>
    <subfield code="B">GND-953242226</subfield>
  </datafield>
  <datafield tag="689" ind1="0" ind2="2">
    <subfield code="a">Geschichte 1987</subfield>
    <subfield code="A">z</subfield>
  </datafield>
  <datafield tag="710" ind1="2" ind2=" ">
    <subfield code="a">Staatliches Herzog-Wolfgang-Gymnasium</subfield>
    <subfield code="0">(DE-588)2054280-X</subfield>
    <subfield code="4">oth</subfield>
    <subfield code="0">https://d-nb.info/gnd/007069103</subfield>
    <subfield code="0">http://viaf.org/viaf/168995301</subfield>
    <subfield code="B">GND-007069103</subfield>
  </datafield>
  <datafield tag="964" ind1="0" ind2="s">
    <subfield code="F">030</subfield>
    <subfield code="A">a|1uc||||||37</subfield>
  </datafield>
  <datafield tag="964" ind1="0" ind2="s">
    <subfield code="F">050</subfield>
    <subfield code="A">a|||||||||||||</subfield>
  </datafield>
  <datafield tag="964" ind1="0" ind2="s">
    <subfield code="F">051</subfield>
    <subfield code="A">m|||||||</subfield>
  </datafield>
  <datafield tag="035" ind1=" " ind2=" ">
    <subfield code="a">(OCoLC)1073488289</subfield>
  </datafield>
  <datafield tag="035" ind1=" " ind2=" ">
    <subfield code="a">(DE-599)HBZHT017191593</subfield>
  </datafield>
  <datafield tag="MBD" ind1=" " ind2=" ">
    <subfield code="M">49HBZ_NETWORK</subfield>
    <subfield code="i">990190994860206441</subfield>
    <subfield code="n">HBZ Network</subfield>
  </datafield>
  <datafield tag="MBD" ind1=" " ind2=" ">
    <subfield code="M">49HBZ_LBZ</subfield>
    <subfield code="i">991005483289708973</subfield>
    <subfield code="n">Landesbibliothekszentrum RLP (LBZ)</subfield>
  </datafield>
  <datafield tag="MNG" ind1=" " ind2=" ">
    <subfield code="c">System</subfield>
    <subfield code="f">ILS</subfield>
    <subfield code="i">marc21</subfield>
    <subfield code="l">50</subfield>
    <subfield code="k">01</subfield>
    <subfield code="e">false</subfield>
    <subfield code="d">2023-10-06 17:18:54 Europe/Berlin</subfield>
    <subfield code="g">019099486-HBZ01</subfield>
    <subfield code="j">60</subfield>
    <subfield code="a">import</subfield>
    <subfield code="b">2021-04-06 04:20:47 Europe/Berlin</subfield>
  </datafield>
  <datafield tag="H52" ind1="8" ind2=" ">
    <subfield code="b">ZWB</subfield>
    <subfield code="c">ZWB_INT</subfield>
    <subfield code="h">Zwe 4/90-1987</subfield>
    <subfield code="8">22212837090008973</subfield>
  </datafield>
  <datafield tag="HOL" ind1=" " ind2=" ">
    <subfield code="b">2024-09-14 16:54:05</subfield>
    <subfield code="8">22212837090008973</subfield>
    <subfield code="M">49HBZ_LBZ</subfield>
    <subfield code="g">false</subfield>
    <subfield code="a">import</subfield>
  </datafield>
  <datafield tag="ITM" ind1=" " ind2=" ">
    <subfield code="H">22212837090008973</subfield>
    <subfield code="x">ZWB_INT</subfield>
    <subfield code="f">BOOK</subfield>
    <subfield code="v">ZWB_INT</subfield>
    <subfield code="p">L</subfield>
    <subfield code="X">System</subfield>
    <subfield code="U">2012-04-03 12:59:00 Europe/Berlin</subfield>
    <subfield code="Y">2024-09-14 18:54:43 Europe/Berlin</subfield>
    <subfield code="h">false</subfield>
    <subfield code="M">49HBZ_LBZ</subfield>
    <subfield code="s">1</subfield>
    <subfield code="d">8</subfield>
    <subfield code="V">import</subfield>
    <subfield code="b">07887412</subfield>
    <subfield code="N">SISIS-Magazindrucker: 0 | Keine Beilagen: 1 | Fernleihkonditionen: 0 | Altersbegrenzung: 0</subfield>
    <subfield code="a">23212837080008973</subfield>
    <subfield code="c">Zwe 4/90-1987</subfield>
    <subfield code="W">2024-09-14 18:54:05 Europe/Berlin</subfield>
    <subfield code="u">ZWB</subfield>
    <subfield code="w">ZWB</subfield>
  </datafield>
  <datafield tag="GKT" ind1="2" ind2=" ">
    <subfield code="a">Staatliches Herzog-Wolfgang-Gymnasium in Zweibrücken</subfield>
    <subfield code="A">GND</subfield>
    <subfield code="B">GND-007069103</subfield>
    <subfield code="C">410</subfield>
  </datafield>
  <datafield tag="GKT" ind1="2" ind2=" ">
    <subfield code="a">Herzog-Wolfgang-Gymnasium in Zweibrücken</subfield>
    <subfield code="A">GND</subfield>
    <subfield code="B">GND-007069103</subfield>
    <subfield code="C">410</subfield>
  </datafield>
  <datafield tag="GKT" ind1="2" ind2=" ">
    <subfield code="a">Staatl. Herzog-Wolfgang-Gymnasium in Zweibrücken</subfield>
    <subfield code="A">GND</subfield>
    <subfield code="B">GND-007069103</subfield>
    <subfield code="C">410</subfield>
  </datafield>
  <datafield tag="GKT" ind1="2" ind2=" ">
    <subfield code="a">Gymnasium Bipontinum</subfield>
    <subfield code="A">GND</subfield>
    <subfield code="B">GND-007069103</subfield>
    <subfield code="C">410</subfield>
  </datafield>
  <datafield tag="GKT" ind1="2" ind2=" ">
    <subfield code="a">HWG</subfield>
    <subfield code="4">abku</subfield>
    <subfield code="i">Abkuerzung</subfield>
    <subfield code="A">GND</subfield>
    <subfield code="B">GND-007069103</subfield>
    <subfield code="C">410</subfield>
  </datafield>
  <datafield tag="GKT" ind1="2" ind2=" ">
    <subfield code="a">Herzog-Wolfgang-Gymnasium</subfield>
    <subfield code="A">GND</subfield>
    <subfield code="B">GND-007069103</subfield>
    <subfield code="C">410</subfield>
  </datafield>
  <datafield tag="GKT" ind1="2" ind2=" ">
    <subfield code="a">HWG Zweibrücken</subfield>
    <subfield code="A">GND</subfield>
    <subfield code="B">GND-007069103</subfield>
    <subfield code="C">410</subfield>
  </datafield>
  <datafield tag="GKT" ind1="2" ind2=" ">
    <subfield code="a">Königliches Humanistisches Gymnasium</subfield>
    <subfield code="A">GND</subfield>
    <subfield code="B">GND-007069103</subfield>
    <subfield code="C">410</subfield>
  </datafield>
  <datafield tag="GKT" ind1="2" ind2=" ">
    <subfield code="a">Humanistisches Gymnasium Zweibrücken</subfield>
    <subfield code="A">GND</subfield>
    <subfield code="B">GND-007069103</subfield>
    <subfield code="C">410</subfield>
  </datafield>
  <datafield tag="GKT" ind1="2" ind2=" ">
    <subfield code="a">Fürstliche Landesschule</subfield>
    <subfield code="A">GND</subfield>
    <subfield code="B">GND-007069103</subfield>
    <subfield code="C">410</subfield>
  </datafield>
  <datafield tag="GKT" ind1="2" ind2=" ">
    <subfield code="a">Hornbacher Gymnasium</subfield>
    <subfield code="A">GND</subfield>
    <subfield code="B">GND-007069103</subfield>
    <subfield code="C">410</subfield>
  </datafield>
  <datafield tag="GKT" ind1="2" ind2=" ">
    <subfield code="a">Gymnasium Zweibrücken</subfield>
    <subfield code="A">GND</subfield>
    <subfield code="B">GND-007069103</subfield>
    <subfield code="C">410</subfield>
  </datafield>
  <datafield tag="GKT" ind1="2" ind2=" ">
    <subfield code="a">Zweibrücker Gymnasium</subfield>
    <subfield code="A">GND</subfield>
    <subfield code="B">GND-007069103</subfield>
    <subfield code="C">410</subfield>
  </datafield>
  <datafield tag="GKT" ind1="2" ind2=" ">
    <subfield code="a">Illustris Gymnasii Biponti</subfield>
    <subfield code="A">GND</subfield>
    <subfield code="B">GND-007069103</subfield>
    <subfield code="C">410</subfield>
  </datafield>
  <datafield tag="GKT" ind1="2" ind2=" ">
    <subfield code="a">Gymnasium Illustre Biponti</subfield>
    <subfield code="A">GND</subfield>
    <subfield code="B">GND-007069103</subfield>
    <subfield code="C">410</subfield>
  </datafield>
  <datafield tag="GKT" ind1="2" ind2=" ">
    <subfield code="a">Schola illustris</subfield>
    <subfield code="A">GND</subfield>
    <subfield code="B">GND-007069103</subfield>
    <subfield code="C">410</subfield>
  </datafield>
  <datafield tag="GKT" ind1="2" ind2=" ">
    <subfield code="a">Fürstliches Gymnasium Zweibrücken</subfield>
    <subfield code="A">GND</subfield>
    <subfield code="B">GND-007069103</subfield>
    <subfield code="C">410</subfield>
  </datafield>
  <datafield tag="GKT" ind1="2" ind2=" ">
    <subfield code="a">Gymnasium zu Hornbach</subfield>
    <subfield code="A">GND</subfield>
    <subfield code="B">GND-007069103</subfield>
    <subfield code="C">410</subfield>
  </datafield>
  <datafield tag="GKT" ind1="2" ind2=" ">
    <subfield code="a">Hornbach-Zweibrücker Gymnasium</subfield>
    <subfield code="A">GND</subfield>
    <subfield code="B">GND-007069103</subfield>
    <subfield code="C">410</subfield>
  </datafield>
  <datafield tag="GSI" ind1="7" ind2=" ">
    <subfield code="a">2054280-X</subfield>
    <subfield code="0">http://d-nb.info/gnd/2054280-X</subfield>
    <subfield code="2">gnd</subfield>
    <subfield code="A">GND</subfield>
    <subfield code="B">GND-007069103</subfield>
    <subfield code="C">024</subfield>
  </datafield>
  <datafield tag="GST" ind1=" " ind2=" ">
    <subfield code="a">Abiturzeitschrift</subfield>
    <subfield code="A">GND</subfield>
    <subfield code="B">GND-953242226</subfield>
    <subfield code="C">450</subfield>
  </datafield>
  <datafield tag="GST" ind1=" " ind2=" ">
    <subfield code="a">Abiturientenzeitung</subfield>
    <subfield code="A">GND</subfield>
    <subfield code="B">GND-953242226</subfield>
    <subfield code="C">450</subfield>
  </datafield>
  <datafield tag="GST" ind1=" " ind2=" ">
    <subfield code="a">Abizeitung</subfield>
    <subfield code="A">GND</subfield>
    <subfield code="B">GND-953242226</subfield>
    <subfield code="C">450</subfield>
  </datafield>
  <datafield tag="GST" ind1=" " ind2=" ">
    <subfield code="a">Abiturient</subfield>
    <subfield code="x">Zeitung</subfield>
    <subfield code="A">GND</subfield>
    <subfield code="B">GND-953242226</subfield>
    <subfield code="C">450</subfield>
  </datafield>
  <datafield tag="GSI" ind1="7" ind2=" ">
    <subfield code="a">4494415-9</subfield>
    <subfield code="0">http://d-nb.info/gnd/4494415-9</subfield>
    <subfield code="2">gnd</subfield>
    <subfield code="A">GND</subfield>
    <subfield code="B">GND-953242226</subfield>
    <subfield code="C">024</subfield>
  </datafield>
  <datafield tag="GKT" ind1="2" ind2=" ">
    <subfield code="a">Staatliches Herzog-Wolfgang-Gymnasium in Zweibrücken</subfield>
    <subfield code="A">GND</subfield>
    <subfield code="B">GND-007069103</subfield>
    <subfield code="C">410</subfield>
  </datafield>
  <datafield tag="GKT" ind1="2" ind2=" ">
    <subfield code="a">Herzog-Wolfgang-Gymnasium in Zweibrücken</subfield>
    <subfield code="A">GND</subfield>
    <subfield code="B">GND-007069103</subfield>
    <subfield code="C">410</subfield>
  </datafield>
  <datafield tag="GKT" ind1="2" ind2=" ">
    <subfield code="a">Staatl. Herzog-Wolfgang-Gymnasium in Zweibrücken</subfield>
    <subfield code="A">GND</subfield>
    <subfield code="B">GND-007069103</subfield>
    <subfield code="C">410</subfield>
  </datafield>
  <datafield tag="GKT" ind1="2" ind2=" ">
    <subfield code="a">Gymnasium Bipontinum</subfield>
    <subfield code="A">GND</subfield>
    <subfield code="B">GND-007069103</subfield>
    <subfield code="C">410</subfield>
  </datafield>
  <datafield tag="GKT" ind1="2" ind2=" ">
    <subfield code="a">HWG</subfield>
    <subfield code="4">abku</subfield>
    <subfield code="i">Abkuerzung</subfield>
    <subfield code="A">GND</subfield>
    <subfield code="B">GND-007069103</subfield>
    <subfield code="C">410</subfield>
  </datafield>
  <datafield tag="GKT" ind1="2" ind2=" ">
    <subfield code="a">Herzog-Wolfgang-Gymnasium</subfield>
    <subfield code="A">GND</subfield>
    <subfield code="B">GND-007069103</subfield>
    <subfield code="C">410</subfield>
  </datafield>
  <datafield tag="GKT" ind1="2" ind2=" ">
    <subfield code="a">HWG Zweibrücken</subfield>
    <subfield code="A">GND</subfield>
    <subfield code="B">GND-007069103</subfield>
    <subfield code="C">410</subfield>
  </datafield>
  <datafield tag="GKT" ind1="2" ind2=" ">
    <subfield code="a">Königliches Humanistisches Gymnasium</subfield>
    <subfield code="A">GND</subfield>
    <subfield code="B">GND-007069103</subfield>
    <subfield code="C">410</subfield>
  </datafield>
  <datafield tag="GKT" ind1="2" ind2=" ">
    <subfield code="a">Humanistisches Gymnasium Zweibrücken</subfield>
    <subfield code="A">GND</subfield>
    <subfield code="B">GND-007069103</subfield>
    <subfield code="C">410</subfield>
  </datafield>
  <datafield tag="GKT" ind1="2" ind2=" ">
    <subfield code="a">Fürstliche Landesschule</subfield>
    <subfield code="A">GND</subfield>
    <subfield code="B">GND-007069103</subfield>
    <subfield code="C">410</subfield>
  </datafield>
  <datafield tag="GKT" ind1="2" ind2=" ">
    <subfield code="a">Hornbacher Gymnasium</subfield>
    <subfield code="A">GND</subfield>
    <subfield code="B">GND-007069103</subfield>
    <subfield code="C">410</subfield>
  </datafield>
  <datafield tag="GKT" ind1="2" ind2=" ">
    <subfield code="a">Gymnasium Zweibrücken</subfield>
    <subfield code="A">GND</subfield>
    <subfield code="B">GND-007069103</subfield>
    <subfield code="C">410</subfield>
  </datafield>
  <datafield tag="GKT" ind1="2" ind2=" ">
    <subfield code="a">Zweibrücker Gymnasium</subfield>
    <subfield code="A">GND</subfield>
    <subfield code="B">GND-007069103</subfield>
    <subfield code="C">410</subfield>
  </datafield>
  <datafield tag="GKT" ind1="2" ind2=" ">
    <subfield code="a">Illustris Gymnasii Biponti</subfield>
    <subfield code="A">GND</subfield>
    <subfield code="B">GND-007069103</subfield>
    <subfield code="C">410</subfield>
  </datafield>
  <datafield tag="GKT" ind1="2" ind2=" ">
    <subfield code="a">Gymnasium Illustre Biponti</subfield>
    <subfield code="A">GND</subfield>
    <subfield code="B">GND-007069103</subfield>
    <subfield code="C">410</subfield>
  </datafield>
  <datafield tag="GKT" ind1="2" ind2=" ">
    <subfield code="a">Schola illustris</subfield>
    <subfield code="A">GND</subfield>
    <subfield code="B">GND-007069103</subfield>
    <subfield code="C">410</subfield>
  </datafield>
  <datafield tag="GKT" ind1="2" ind2=" ">
    <subfield code="a">Fürstliches Gymnasium Zweibrücken</subfield>
    <subfield code="A">GND</subfield>
    <subfield code="B">GND-007069103</subfield>
    <subfield code="C">410</subfield>
  </datafield>
  <datafield tag="GKT" ind1="2" ind2=" ">
    <subfield code="a">Gymnasium zu Hornbach</subfield>
    <subfield code="A">GND</subfield>
    <subfield code="B">GND-007069103</subfield>
    <subfield code="C">410</subfield>
  </datafield>
  <datafield tag="GKT" ind1="2" ind2=" ">
    <subfield code="a">Hornbach-Zweibrücker Gymnasium</subfield>
    <subfield code="A">GND</subfield>
    <subfield code="B">GND-007069103</subfield>
    <subfield code="C">410</subfield>
  </datafield>
  <datafield tag="GSI" ind1="7" ind2=" ">
    <subfield code="a">2054280-X</subfield>
    <subfield code="0">http://d-nb.info/gnd/2054280-X</subfield>
    <subfield code="2">gnd</subfield>
    <subfield code="A">GND</subfield>
    <subfield code="B">GND-007069103</subfield>
    <subfield code="C">024</subfield>
  </datafield>
</record>
